<?xml version="1.0" encoding="UTF-8"?><collection xmlns="http://www.loc.gov/MARC21/slim"><record><leader>00497nam--2200181-u-4500</leader><controlfield tag="001">000054287</controlfield><controlfield tag="002">20161230</controlfield><controlfield tag="005">20161230201051</controlfield><controlfield tag="008">111111s1000------------r-----000-0-rus-d</controlfield><datafield ind1=" " ind2=" " tag="040"><subfield code="a">IFIN-HH</subfield></datafield><datafield ind1=" " ind2=" " tag="041"><subfield code="a">rus</subfield></datafield><datafield ind1=" " ind2=" " tag="080"><subfield code="a">539.12.01</subfield></datafield><datafield ind1="1" ind2=" " tag="100"><subfield code="a">Marinov, M.S</subfield></datafield><datafield ind1="1" ind2="0" tag="245"><subfield code="a">Vzaimodeistvie ceastit so spinom i polosa redje</subfield><subfield code="b">No 164</subfield><subfield code="c">M.s. marinov</subfield></datafield><datafield ind1=" " ind2=" " tag="260"><subfield code="a">Moskva</subfield><subfield code="b">Institut Teoreticeskoi I Eksperimentalnoi Fiziki</subfield><subfield code="c">1963</subfield></datafield><datafield ind1=" " ind2=" " tag="300"><subfield code="a">35P</subfield></datafield><datafield ind1=" " ind2=" " tag="852"><subfield code="a">9072</subfield><subfield code="c">539</subfield></datafield><datafield ind1=" " ind2=" " tag="CAT"><subfield code="a">Sys</subfield><subfield code="c">20111111</subfield><subfield code="h">131227</subfield></datafield></record></collection>